

@article{GoffConditionalsimulationThwaites2014,
  author =        {Goff, John A. and Powell, Evelyn M. and
                   Young, Duncan A. and Blankenship, Donald D.},
  journal =       {Journal of Glaciology},
  number =        {222},
  pages =         {635--646},
  title =         {Conditional Simulation of {{Thwaites Glacier}}
                   ({{Antarctica}}) Bed Topography for Flow Models:
                   {{Incorporating}} Inhomogeneous Statistics and
                   Channelized Morphology},
  volume =        {60},
  year =          {2014},
  doi =           {10.3189/2014JoG13J200},
  issn =          {0022-1430, 1727-5652},
  language =      {en},
}

@article{Grahamhighresolutionsyntheticbed2017,
  author =        {Graham, Felicity S. and Roberts, Jason L. and
                   {Galton-Fenzi}, Ben K. and Young, Duncan and
                   Blankenship, Donald and Siegert, Martin J.},
  journal =       {Earth System Science Data},
  month =         may,
  number =        {1},
  pages =         {267--279},
  title =         {A High-Resolution Synthetic Bed Elevation Grid of the
                   {{Antarctic}} Continent},
  volume =        {9},
  year =          {2017},
  doi =           {10.5194/essd-9-267-2017},
  issn =          {1866-3516},
  language =      {en},
}

@inproceedings{LeongDeepBedMapUsingdeep2019,
  address =       {{Vienna, Austria}},
  author =        {Leong, Wei Ji and Horgan, H. J.},
  booktitle =     {{{EGU General Assembly}}},
  month =         apr,
  title =         {{{DeepBedMap}}: {{Using}} a Deep Neural Network to
                   Better Resolve the Bed Topography of {{Antarctica}}},
  year =          {2019},
}

@inproceedings{LeongDeepBedMapsuperresolutiondeep2019,
  address =       {{Stanford, California, United States}},
  author =        {Leong, Wei Ji and Horgan, H. J.},
  booktitle =     {{{IGS Five Decades}} of {{Radioglaciology
                   Symposium}}},
  month =         jul,
  title =         {{{DeepBedMap}}: {{A}} Super-Resolution Deep Neural
                   Network for Resolving the Bed Topography of
                   {{Antarctica}}},
  year =          {2019},
}

@article{FretwellBedmap2improvedice2013,
  author =        {Fretwell, P. and Pritchard, H. D. and Vaughan, D. G. and
                   Bamber, J. L. and Barrand, N. E. and Bell, R. and
                   Bianchi, C. and Bingham, R. G. and Blankenship, D. D. and
                   Casassa, G. and Catania, G. and Callens, D. and
                   Conway, H. and Cook, A. J. and Corr, H. F. J. and
                   Damaske, D. and Damm, V. and Ferraccioli, F. and
                   Forsberg, R. and Fujita, S. and Gim, Y. and
                   Gogineni, P. and Griggs, J. A. and
                   Hindmarsh, R. C. A. and Holmlund, P. and Holt, J. W. and
                   Jacobel, R. W. and Jenkins, A. and Jokat, W. and
                   Jordan, T. and King, E. C. and Kohler, J. and
                   Krabill, W. and {Riger-Kusk}, M. and Langley, K. A. and
                   Leitchenkov, G. and Leuschen, C. and Luyendyk, B. P. and
                   Matsuoka, K. and Mouginot, J. and Nitsche, F. O. and
                   Nogi, Y. and Nost, O. A. and Popov, S. V. and
                   Rignot, E. and Rippin, D. M. and Rivera, A. and
                   Roberts, J. and Ross, N. and Siegert, M. J. and
                   Smith, A. M. and Steinhage, D. and Studinger, M. and
                   Sun, B. and Tinto, B. K. and Welch, B. C. and
                   Wilson, D. and Young, D. A. and Xiangbin, C. and
                   Zirizzotti, A.},
  journal =       {The Cryosphere},
  month =         feb,
  number =        {1},
  pages =         {375--393},
  title =         {Bedmap2: Improved Ice Bed, Surface and Thickness
                   Datasets for {{Antarctica}}},
  volume =        {7},
  year =          {2013},
  doi =           {10.5194/tc-7-375-2013},
  issn =          {1994-0424},
  language =      {en},
}

@misc{MorlighemMEaSUREsBedMachineAntarctica2019,
  author =        {Morlighem, Mathieu},
  publisher =     {{NASA National Snow and Ice Data Center DAAC}},
  title =         {{{MEaSUREs BedMachine Antarctica}}, {{Version}} 1},
  year =          {2019},
  doi =           {10.5067/C2GFER6PTOS4},
}

@article{MorlighemDeepglacialtroughs2019,
  author =        {Morlighem, Mathieu and Rignot, Eric and
                   Binder, Tobias and Blankenship, Donald and
                   Drews, Reinhard and Eagles, Graeme and Eisen, Olaf and
                   Ferraccioli, Fausto and Forsberg, Ren{\'e} and
                   Fretwell, Peter and Goel, Vikram and
                   Greenbaum, Jamin S. and Gudmundsson, Hilmar and
                   Guo, Jingxue and Helm, Veit and Hofstede, Coen and
                   Howat, Ian and Humbert, Angelika and Jokat, Wilfried and
                   Karlsson, Nanna B. and Lee, Won Sang and
                   Matsuoka, Kenichi and Millan, Romain and
                   Mouginot, Jeremie and Paden, John and Pattyn, Frank and
                   Roberts, Jason and Rosier, Sebastian and
                   Ruppel, Antonia and Seroussi, Helene and
                   Smith, Emma C. and Steinhage, Daniel and Sun, Bo and
                   van den Broeke, Michiel R. and van Ommen, Tas D. and
                   van Wessem, Melchior and Young, Duncan A.},
  journal =       {Nature Geoscience},
  month =         dec,
  title =         {Deep Glacial Troughs and Stabilizing Ridges Unveiled
                   beneath the Margins of the {{Antarctic}} Ice Sheet},
  year =          {2019},
  doi =           {10.1038/s41561-019-0510-8},
  issn =          {1752-0894, 1752-0908},
  language =      {en},
}
