

@article{HolschuhLinkingpostglaciallandscapes2020,
  author =        {Holschuh, N. and Christianson, K. and Paden, J. and
                   Alley, R.B. and Anandakrishnan, S.},
  journal =       {Geology},
  month =         jan,
  title =         {Linking Postglacial Landscapes to Glacier Dynamics
                   Using Swath Radar at {{Thwaites Glacier}},
                   {{Antarctica}}},
  year =          {2020},
  doi =           {10.1130/G46772.1},
  issn =          {0091-7613, 1943-2682},
  language =      {en},
}

@misc{MouginotMEaSUREsPhaseMap2019,
  author =        {Mouginot, Jeremie and Rignot, Eric and
                   Scheuchl, Bernd},
  publisher =     {{NASA National Snow and Ice Data Center DAAC}},
  title =         {{{MEaSUREs Phase Map}} of {{Antarctic Ice Velocity}},
                   {{Version}} 1},
  year =          {2019},
  doi =           {10.5067/PZ3NJ5RXRH10},
}

@article{HowatReferenceElevationModel2019,
  author =        {Howat, Ian M. and Porter, Claire and
                   Smith, Benjamin E. and Noh, Myoung-Jong and
                   Morin, Paul},
  journal =       {The Cryosphere},
  month =         feb,
  number =        {2},
  pages =         {665--674},
  title =         {The {{Reference Elevation Model}} of {{Antarctica}}},
  volume =        {13},
  year =          {2019},
  doi =           {10.5194/tc-13-665-2019},
  issn =          {1994-0424},
  language =      {en},
}

@article{FretwellBedmap2improvedice2013,
  author =        {Fretwell, P. and Pritchard, H. D. and Vaughan, D. G. and
                   Bamber, J. L. and Barrand, N. E. and Bell, R. and
                   Bianchi, C. and Bingham, R. G. and Blankenship, D. D. and
                   Casassa, G. and Catania, G. and Callens, D. and
                   Conway, H. and Cook, A. J. and Corr, H. F. J. and
                   Damaske, D. and Damm, V. and Ferraccioli, F. and
                   Forsberg, R. and Fujita, S. and Gim, Y. and
                   Gogineni, P. and Griggs, J. A. and
                   Hindmarsh, R. C. A. and Holmlund, P. and Holt, J. W. and
                   Jacobel, R. W. and Jenkins, A. and Jokat, W. and
                   Jordan, T. and King, E. C. and Kohler, J. and
                   Krabill, W. and {Riger-Kusk}, M. and Langley, K. A. and
                   Leitchenkov, G. and Leuschen, C. and Luyendyk, B. P. and
                   Matsuoka, K. and Mouginot, J. and Nitsche, F. O. and
                   Nogi, Y. and Nost, O. A. and Popov, S. V. and
                   Rignot, E. and Rippin, D. M. and Rivera, A. and
                   Roberts, J. and Ross, N. and Siegert, M. J. and
                   Smith, A. M. and Steinhage, D. and Studinger, M. and
                   Sun, B. and Tinto, B. K. and Welch, B. C. and
                   Wilson, D. and Young, D. A. and Xiangbin, C. and
                   Zirizzotti, A.},
  journal =       {The Cryosphere},
  month =         feb,
  number =        {1},
  pages =         {375--393},
  title =         {Bedmap2: Improved Ice Bed, Surface and Thickness
                   Datasets for {{Antarctica}}},
  volume =        {7},
  year =          {2013},
  doi =           {10.5194/tc-7-375-2013},
  issn =          {1994-0424},
  language =      {en},
}
