

@article{Raymondrelationshipsurfacebasal2005,
  author =        {Raymond, M. J. and Gudmundsson, G. H.},
  journal =       {Journal of Geophysical Research: Solid Earth},
  number =        {B8},
  title =         {On the Relationship between Surface and Basal
                   Properties on Glaciers, Ice Sheets, and Ice Streams},
  volume =        {110},
  year =          {2005},
  doi =           {10.1029/2005JB003681},
  issn =          {2156-2202},
  language =      {en},
}

@article{Farinottimethodestimateice2009,
  author =        {Farinotti, Daniel and Huss, Matthias and
                   Bauder, Andreas and Funk, Martin and Truffer, Martin},
  journal =       {Journal of Glaciology},
  number =        {191},
  pages =         {422-430},
  title =         {A Method to Estimate the Ice Volume and Ice-Thickness
                   Distribution of Alpine Glaciers},
  volume =        {55},
  year =          {2009},
  doi =           {10.3189/002214309788816759},
  issn =          {0022-1430, 1727-5652},
  language =      {en},
}

@article{FarinottiHowaccurateare2017,
  author =        {Farinotti, Daniel and Brinkerhoff, Douglas J. and
                   Clarke, Garry K. C. and F\"urst, Johannes J. and
                   Frey, Holger and Gantayat, Prateek and
                   {Gillet-Chaulet}, Fabien and Girard, Claire and
                   Huss, Matthias and Leclercq, Paul W. and
                   Linsbauer, Andreas and Machguth, Horst and
                   Martin, Carlos and Maussion, Fabien and
                   Morlighem, Mathieu and Mosbeux, Cyrille and
                   Pandit, Ankur and Portmann, Andrea and
                   Rabatel, Antoine and Ramsankaran, Raaj and
                   Reerink, Thomas J. and Sanchez, Olivier and
                   Stentoft, Peter A. and Singh Kumari, Sangita and
                   {van Pelt}, Ward J. J. and Anderson, Brian and
                   Benham, Toby and Binder, Daniel and
                   Dowdeswell, Julian A. and Fischer, Andrea and
                   Helfricht, Kay and Kutuzov, Stanislav and
                   Lavrentiev, Ivan and McNabb, Robert and
                   Gudmundsson, G. Hilmar and Li, Huilin and
                   Andreassen, Liss M.},
  journal =       {The Cryosphere},
  month =         apr,
  number =        {2},
  pages =         {949-970},
  title =         {How Accurate Are Estimates of Glacier Ice Thickness?
                   {{Results}} from {{ITMIX}}, the {{Ice Thickness
                   Models Intercomparison eXperiment}}},
  volume =        {11},
  year =          {2017},
  doi =           {10.5194/tc-11-949-2017},
  issn =          {1994-0424},
  language =      {en},
}

@article{Farinotticonsensusestimateice2019,
  author =        {Farinotti, Daniel and Huss, Matthias and
                   F\"urst, Johannes J. and Landmann, Johannes and
                   Machguth, Horst and Maussion, Fabien and
                   Pandit, Ankur},
  journal =       {Nature Geoscience},
  month =         mar,
  number =        {3},
  pages =         {168-173},
  title =         {A Consensus Estimate for the Ice Thickness
                   Distribution of All Glaciers on {{Earth}}},
  volume =        {12},
  year =          {2019},
  doi =           {10.1038/s41561-019-0300-3},
  issn =          {1752-0894, 1752-0908},
  language =      {en},
}

@article{ClarkeNeuralNetworksApplied2009,
  author =        {Clarke, Garry K. C. and Berthier, Etienne and
                   Schoof, Christian G. and Jarosch, Alexander H.},
  journal =       {Journal of Climate},
  month =         apr,
  number =        {8},
  pages =         {2146-2160},
  title =         {Neural {{Networks Applied}} to {{Estimating
                   Subglacial Topography}} and {{Glacier Volume}}},
  volume =        {22},
  year =          {2009},
  doi =           {10.1175/2008JCLI2572.1},
  issn =          {0894-8755, 1520-0442},
  language =      {en},
}

@unpublished{MonnierInferencebedtopography2018,
  author =        {Monnier, Jerome and Zhu, Jiamin},
  month =         nov,
  title =         {Inference of the Bed Topography in Poorly Flew over
                   Ice-Sheets Areas from Surface Data and a Reduced
                   Uncertainty Flow Model},
  year =          {2018},
}

@article{FretwellBedmap2improvedice2013,
  author =        {Fretwell, P. and Pritchard, H. D. and Vaughan, D. G. and
                   Bamber, J. L. and Barrand, N. E. and Bell, R. and
                   Bianchi, C. and Bingham, R. G. and Blankenship, D. D. and
                   Casassa, G. and Catania, G. and Callens, D. and
                   Conway, H. and Cook, A. J. and Corr, H. F. J. and
                   Damaske, D. and Damm, V. and Ferraccioli, F. and
                   Forsberg, R. and Fujita, S. and Gim, Y. and
                   Gogineni, P. and Griggs, J. A. and
                   Hindmarsh, R. C. A. and Holmlund, P. and Holt, J. W. and
                   Jacobel, R. W. and Jenkins, A. and Jokat, W. and
                   Jordan, T. and King, E. C. and Kohler, J. and
                   Krabill, W. and {Riger-Kusk}, M. and Langley, K. A. and
                   Leitchenkov, G. and Leuschen, C. and Luyendyk, B. P. and
                   Matsuoka, K. and Mouginot, J. and Nitsche, F. O. and
                   Nogi, Y. and Nost, O. A. and Popov, S. V. and
                   Rignot, E. and Rippin, D. M. and Rivera, A. and
                   Roberts, J. and Ross, N. and Siegert, M. J. and
                   Smith, A. M. and Steinhage, D. and Studinger, M. and
                   Sun, B. and Tinto, B. K. and Welch, B. C. and
                   Wilson, D. and Young, D. A. and Xiangbin, C. and
                   Zirizzotti, A.},
  journal =       {The Cryosphere},
  month =         feb,
  number =        {1},
  pages =         {375-393},
  title =         {Bedmap2: Improved Ice Bed, Surface and Thickness
                   Datasets for {{Antarctica}}},
  volume =        {7},
  year =          {2013},
  doi =           {10.5194/tc-7-375-2013},
  issn =          {1994-0424},
  language =      {en},
}

